@book{geurts2010,
address = {Cambridge},
author = {Geurts, Bart},
file = {:Users/titlis/cogsci/papers\_misc/geurts2010.pdf:pdf},
publisher = {Cambridge Univ Press},
title = {{Quantity implicatures}},
year = {2010}
}
@article{frank2012,
author = {Frank, Michael C. and Goodman, Noah D},
file = {:Users/titlis/cogsci/papers\_misc/frank2012.pdf:pdf},
journal = {Science},
pages = {998},
title = {{Predicting pragmatic reasoning in language games}},
volume = {336},
year = {2012}
}
