@article{liracine2003,
author = {Li, Qi and Racine, Jeff},
doi = {10.1108/S0731-9053(2009)0000025012},
file = {:Users/titlis/cogsci/papers\_misc/liracine2003.pdf:pdf},
issn = {07319053},
journal = {Journal of Multivariate Analysis},
keywords = {cross-validation,cumulative distribution function,discrete and continuous variables,multivariate,nonpara-},
pages = {266--292},
title = {{Nonparametric estimation of distributions with categorical and continuous data}},
url = {http://www.emeraldinsight.com/books.htm?chapterid=1827738},
volume = {86},
year = {2003}
}
@article{kao2014,
author = {Kao, Justine and Wu, J. and Bergen, Leon and Goodman, Noah D},
doi = {10.1073/pnas.1407479111},
file = {:Users/titlis/cogsci/papers\_misc/kao2014.pdf:pdf},
journal = {Proceedings of the National Academy of Sciences of the United States of America},
number = {33},
pages = {12002--12007},
title = {{Nonliteral understanding of number words}},
volume = {111},
year = {2014}
}
