@incollection{ClarkMarshall1981,
address = {New York},
author = {Clark, Herbert H and Marshall, C},
booktitle = {Elements of discourse understanding},
editor = {Joshi, Aravind K and Webber, Bonnie L. and Sag, Ivan A},
pages = {10--63},
publisher = {Cambridge University Press},
title = {{Definite reference and mutual knowledge}},
year = {1981}
}
