%% This BibTeX bibliography file was created using BibDesk.
%% http://bibdesk.sourceforge.net/


%% Created for jdegen at 2011-03-21 04:00:51 -0400 


%% Saved with string encoding Western (ASCII) 



@article{arnold2008,
	Author = {Jennifer Arnold},
	Date-Added = {2011-03-21 03:59:36 -0400},
	Date-Modified = {2011-03-21 04:00:51 -0400},
	Journal = {Language and Cognitive Processes},
	Pages = {495 - 527},
	Title = {Reference production: {P}roduction-internal and addressee-oriented processes},
	Volume = {23},
	Year = {2008}}

@inproceedings{tily2009,
	Author = {Harry Tily and Steven Piantadosi},
	Booktitle = {Proceedings of the {W}orkshop on {P}roduction of {R}eferring {E}xpressions, {C}og{S}ci 2009},
	Date-Added = {2011-03-21 03:49:49 -0400},
	Date-Modified = {2011-03-21 03:51:36 -0400},
	Title = {Refer efficiently: Use less informative expressions for more predictable meanings},
	Year = {2009}}

@article{branigan2008,
	Author = {Holly P. Branigan and Martin J. Pickering and M. Tanaka},
	Date-Added = {2011-03-19 15:55:15 -0400},
	Date-Modified = {2011-03-19 15:56:11 -0400},
	Journal = {Lingua},
	Pages = {172 - 189},
	Title = {Contributions of animacy to grammatical function assignment and word order during production},
	Volume = {118},
	Year = {2008}}

@article{bock1985,
	Author = {J. K. Bock and R. K. Warren},
	Date-Added = {2011-03-19 15:52:24 -0400},
	Date-Modified = {2011-03-19 15:53:16 -0400},
	Journal = {Cognition},
	Number = {1},
	Pages = {47 - 67},
	Title = {Conceptual accessibility and syntactic structure in sentence formulation},
	Volume = {21},
	Year = {1985}}

@article{bresnan2010,
	Author = {Joan Bresnan and Marilyn Ford},
	Date-Added = {2011-01-06 22:49:33 -0500},
	Date-Modified = {2011-01-06 22:50:25 -0500},
	Journal = {Language},
	Number = {1},
	Pages = {168 - 213},
	Title = {Predicting syntax: Processing dative constructions in American and Australian varieties of English},
	Volume = {86},
	Year = {2010}}

@incollection{genzel2002,
	Author = {D. Genzel and E. Charniak},
	Booktitle = {Proceedings of the association of computational linguistics},
	Date-Added = {2011-01-06 21:36:59 -0500},
	Date-Modified = {2011-01-06 21:38:20 -0500},
	Pages = {199 - 206},
	Publisher = {Philadelphia, PA},
	Title = {Entropy rate constancy in text},
	Year = {2002}}

@book{zipf1949,
	Author = {G. K. Zipf},
	Date-Added = {2011-01-06 21:13:48 -0500},
	Date-Modified = {2011-01-06 21:30:31 -0500},
	Publisher = {Addison-Wesley},
	Title = {Human behavior and the principle of least effort: An introduction to human ecology},
	Year = {1949}}

@article{shannon1948,
	Author = {C. Shannon},
	Date-Added = {2011-01-06 21:11:50 -0500},
	Date-Modified = {2011-01-06 21:13:01 -0500},
	Journal = {Bell Systems Technical Journal},
	Number = {4},
	Pages = {623 - 656},
	Title = {A mathematical theory of communication},
	Volume = {27},
	Year = {1948}}

@incollection{bresnan2007,
	Address = {Amsterdam},
	Author = {Joan Bresnan and Anna Cueni and Tatiana Nikitina and R. Harald Baayen},
	Booktitle = {Cognitive foundations of interpretation},
	Date-Added = {2011-01-04 06:58:16 -0500},
	Date-Modified = {2011-01-04 07:00:23 -0500},
	Editor = {G. Bouma and I Kr\"amer and J. Zwarts},
	Publisher = {Koninklijke Neerlandse Akademie van Wetenschapen},
	Title = {Predicting the dative alternation},
	Year = {2007}}

@inproceedings{ladusaw1982,
	Address = {Stanford},
	Author = {William Ladusaw},
	Booktitle = {Proceedings of WCCFL 1},
	Date-Added = {2011-01-02 09:16:22 -0500},
	Date-Modified = {2011-01-02 09:18:17 -0500},
	Editor = {D. Flickinger and M. Macken and N. Wiegand},
	Pages = {231 - 242},
	Publisher = {Stanford Linguistics Association},
	Title = {Semantic constraints on the English partitive constructions},
	Year = {1982}}

@book{jackendoff1977,
	Address = {Cambridge, MA},
	Author = {Ray Jackendoff},
	Date-Added = {2011-01-02 09:15:07 -0500},
	Date-Modified = {2011-01-02 09:16:07 -0500},
	Publisher = {MIT Press},
	Title = {X-bar syntax: a study of phrase structure},
	Year = {1977}}

@incollection{levy2007,
	Address = {Cambridge, MA},
	Author = {Roger Levy and T. Florian Jaeger},
	Booktitle = {Advances in neural information processing systems ({NIPS}) 19},
	Date-Added = {2011-01-02 08:36:50 -0500},
	Date-Modified = {2011-03-20 23:34:17 -0400},
	Editor = {B. Schl\"okopf and J. Platt and T. Hoffmann},
	Pages = {849 - 856},
	Publisher = {MIT Press},
	Title = {Speakers optimize information density through syntactic reduction},
	Year = {2007}}

@phdthesis{jaeger2006,
	Author = {T. Florian Jaeger},
	Date-Added = {2011-01-02 08:35:46 -0500},
	Date-Modified = {2011-01-02 08:36:47 -0500},
	School = {Stanford University},
	Title = {Redundancy and Syntactic Reduction in Spontaneous Speech},
	Year = {2006}}

@inproceedings{frank2008,
	Author = {Austin Frank and T. Florian Jaeger},
	Booktitle = {The 30th Annual Meeting of the Cognitive Science Society},
	Date-Added = {2010-06-17 19:37:20 -0400},
	Date-Modified = {2010-06-17 19:38:02 -0400},
	Title = {Speaking rationally: Uniform information density as an optimal strategy for language production},
	Year = {2008}}

@article{aylett2004,
	Author = {M. P. Aylett and A. Turk},
	Date-Added = {2010-06-17 19:36:00 -0400},
	Date-Modified = {2010-06-17 19:37:00 -0400},
	Journal = {Language and Speech},
	Number = {1},
	Pages = {31 - 56},
	Title = {The smooth signal redundancy hypothesis: A functional explanation for relationships between redundancy, prosodic prominence, and duration in spontaneous speech},
	Volume = {47},
	Year = {2004}}

@incollection{prince1988,
	Author = {Ellen F. Prince},
	Booktitle = {Discourse Description: Diverse Analyses of a Fundraising Text.},
	Date-Added = {2010-06-17 19:17:17 -0400},
	Date-Modified = {2010-06-17 19:18:25 -0400},
	Editor = {Sandra Thompson and William Mann},
	Publisher = {John Benjamins},
	Title = {The ZPG Letter: subjects, definiteness, and information-status},
	Year = {1988}}

@inproceedings{gomez2008,
	Author = {Carlos Gomez Gallo and T. Florian Jaeger and R. Smyth},
	Booktitle = {The 30th Annual Meeting of the Cognitive Science Society},
	Date-Added = {2010-06-17 18:04:05 -0400},
	Date-Modified = {2010-06-17 18:05:05 -0400},
	Pages = {933 - 938},
	Title = {Incremental Syntactic Planning across Clauses},
	Year = {2008}}

@unpublished{bates2008,
	Author = {D. Bates and M. Maechler and B. Dai},
	Date-Added = {2010-06-17 02:15:31 -0400},
	Date-Modified = {2010-06-17 02:16:28 -0400},
	Note = {[R package version 0.999375-28]},
	Title = {lme4: Linear mixed-effects models using s4 classes},
	Year = {2008}}

@url{rohde2005,
	Author = {Douglas Rohde},
	Date-Added = {2010-06-17 02:13:46 -0400},
	Date-Modified = {2010-06-17 02:14:26 -0400},
	Title = {TGrep2 Manual},
	Url = {http://tedlab/mit.edu/~dr/Tgrep2/tgrep2.pdf}}

@inproceedings{godfrey1992,
	Author = {E. C. Godfrey and J McDaniel},
	Booktitle = {Proceedings of the IEEE Conference on Acoustics, Speech and Signal Processing},
	Date-Added = {2010-06-17 02:11:02 -0400},
	Date-Modified = {2010-06-17 02:12:17 -0400},
	Title = {Switchboard: A Telephone Speech Corpus for Research and Development},
	Year = {1992}}

@article{ferreira2000,
	Author = {Vic S. Ferreira and Gary S. Dell},
	Date-Added = {2010-06-17 02:09:08 -0400},
	Date-Modified = {2010-06-17 02:10:03 -0400},
	Journal = {Cognitive Psychology},
	Number = {4},
	Pages = {296 - 340},
	Title = {Effect of ambiguity and lexical availability on syntactic and lexical production},
	Volume = {40},
	Year = {2000}}

@article{jaeger2010,
	Author = {T. Florian Jaeger},
	Date-Added = {2010-06-17 02:06:29 -0400},
	Date-Modified = {2011-01-02 08:33:06 -0500},
	Journal = {Cognitive Psychology},
	Number = {1},
	Pages = {23 - 62},
	Title = {Redundancy and reduction: Speakers manage syntactic information density},
	Volume = {61},
	Year = {2010}}

@inproceedings{baldwin2003,
	Author = {Timothy Baldwin and Francis Bond},
	Booktitle = {Proceedings of the 41st Annual Meeting of the Association for Computational Linguistics},
	Date-Added = {2010-06-17 01:59:43 -0400},
	Date-Modified = {2010-06-17 02:02:02 -0400},
	Pages = {463 - 470},
	Title = {Learning the Countability of English Nouns from Corpus Data},
	Year = {2003}}

@article{stefanowitsch2003e,
	Author = {Anatol Stefanowitsch and Stefan Th. Gries},
	Date-Added = {2010-06-17 01:53:35 -0400},
	Date-Modified = {2010-06-17 01:54:42 -0400},
	Journal = {International Journal of Corpus Linguistics},
	Number = {2},
	Pages = {209 - 243},
	Title = {Collostructions: investigating the interaction between words and constructions},
	Volume = {8},
	Year = {2003}}

@inproceedings{schwarz2010,
	Author = {Florian Schwarz and Charles Clifton and Lyn Frazier},
	Booktitle = {UMOP 37: Semantic Processing},
	Date-Added = {2010-05-08 11:45:15 -0400},
	Date-Modified = {2010-05-08 11:46:45 -0400},
	Editor = {Anderssen and Moulton and Schwarz and Ussery},
	Title = {Stengthening 'or': Effects of focus and downward entailing contexts on scalar implicatures},
	Year = {2010}}

@misc{degen2010,
	Author = {Judith Degen and Alex B. Fine},
	Date-Added = {2010-05-08 10:58:13 -0400},
	Date-Modified = {2010-05-08 11:59:11 -0400},
	Title = {Scalar implicatures in the wild: a corpus analysis of "some"},
	Year = {in preparation}}

@article{koerding2007,
	Author = {Konrad K{\"o}rding and Ulrik Beierholm and Wei Ji Ma and Steven Quartz and Joshua B. Tenenbaum and Ladan Shams},
	Date-Added = {2010-05-07 17:09:40 -0400},
	Date-Modified = {2010-05-07 17:12:37 -0400},
	Journal = {PLoS ONE},
	Number = {9},
	Pages = {e943. doi:10.1371/journal.pone.0000943},
	Title = {Causal Inference in Multisensory Perception},
	Volume = {2},
	Year = {2007}}

@inproceedings{beierholm2007,
	Author = {Ulrik Beierholm and Konrad K{\"o}rding and L. Shams and Wei Ji Ma},
	Booktitle = {Advances In neural information processing systems},
	Date-Added = {2010-05-07 17:03:20 -0400},
	Date-Modified = {2010-05-07 17:06:39 -0400},
	Pages = {81 - 88},
	Publisher = {MIT Press},
	Title = {Comparing Bayesian models for multisensory cue combination without mandatory integration},
	Volume = {20},
	Year = {2008}}

@article{ma2008,
	Author = {Wei Ji Ma and Alexandre Pouget},
	Date-Added = {2010-05-07 16:51:06 -0400},
	Date-Modified = {2010-05-07 17:02:43 -0400},
	Journal = {Brain Research},
	Pages = {4 - 12},
	Title = {Linking neurons to behavior in multisnsory perception: A computational review},
	Volume = {1242},
	Year = {2008}}

@article{jacobs1999,
	Author = {Robert A. Jacobs},
	Date-Added = {2010-05-07 16:46:46 -0400},
	Date-Modified = {2010-05-07 16:47:23 -0400},
	Journal = {Vision Research},
	Pages = {3621 - 3629},
	Title = {Optimal integration of texture and motion cues to depth},
	Volume = {39},
	Year = {1999}}

@article{landy1995,
	Author = {Michael S. Landy and Laurence T. Maloney and Elizabeth B. Johnston and Mark Young},
	Date-Added = {2010-05-04 12:34:21 -0400},
	Date-Modified = {2010-05-04 12:35:35 -0400},
	Journal = {Vision Research},
	Number = {3},
	Pages = {389 - 412},
	Title = {Measurement and Modeling of Depth Cue Combination: in Defense of Weak Fusion},
	Volume = {35},
	Year = {1995}}

@article{knill2003,
	Author = {David C. Knill and Jeffrey A. Saunders},
	Date-Added = {2010-05-04 12:32:21 -0400},
	Date-Modified = {2010-05-04 12:33:19 -0400},
	Journal = {Vision Research},
	Pages = {2539 - 2558},
	Title = {Do humans optimally integrate stereo and texture information for judgments of surface slant?},
	Volume = {43},
	Year = {2003}}

@misc{knill2010,
	Author = {David C. Knill and Jeffrey A. Saunders},
	Date-Added = {2010-05-04 12:18:16 -0400},
	Date-Modified = {2010-05-04 12:18:58 -0400},
	Title = {Bayesian models of sensory cue integration},
	Year = {2010}}

@unpublished{rao2010,
	Author = {Vikranth Rao Bejjanki and Meghan Clayards and David C. Knill and Richard N. Aslin},
	Date-Added = {2010-05-04 12:14:11 -0400},
	Date-Modified = {2010-05-04 12:15:30 -0400},
	Note = {submitted},
	Title = {Cue integration in categorical tasks: insights from audio-visual speech perception  },
	Year = {2010}}

@article{knill2007,
	Author = {David C. Knill},
	Date-Added = {2010-05-04 12:08:04 -0400},
	Date-Modified = {2010-05-04 12:09:29 -0400},
	Journal = {Journal of Vision},
	Number = {1},
	Pages = {1-24},
	Title = {Robust cue integration: A Bayesian model and evidence from cue-conflict studies with stereoscopic and figure cues to slant},
	Volume = {0},
	Year = {2007}}

@unpublished{huston2010,
	Author = {Stephanie Huston},
	Date-Added = {2009-12-19 16:22:54 +0100},
	Date-Modified = {2009-12-19 16:25:21 +0100},
	Note = {Senior thesis, in preparation},
	Title = {Implicatures in answers to polar interrogatives},
	Year = {prep}}

@article{perrault1980,
	Author = {C. R. Perrault and J. F. Allen},
	Date-Added = {2009-12-19 14:39:50 +0100},
	Date-Modified = {2009-12-19 14:40:48 +0100},
	Journal = {American Journal of Computational Linguistics},
	Number = {3},
	Pages = {167 - 182},
	Title = {A plan-based analysis of indirect speech acts},
	Volume = {6},
	Year = {1980}}

@inproceedings{groenendijk1999,
	Author = {Jeroen Groenendijk},
	Booktitle = {Proceedings of SALT IX},
	Date-Added = {2009-12-19 10:59:22 +0100},
	Date-Modified = {2009-12-19 11:00:15 +0100},
	Editor = {T. Matthews and D. L. Strolovitch},
	Title = {The Logic of Interrogation},
	Year = {1999}}

@inproceedings{allen2002,
	Author = {James F. Allen and N. Blaylock},
	Booktitle = {Proceedings of the 1st International Joint Conference on Autonomous Agents and Multi-Agent Systems},
	Date-Added = {2009-12-18 20:19:36 +0100},
	Date-Modified = {2009-12-18 20:20:53 +0100},
	Title = {A Problem Solving Model for Collaborative Agents},
	Year = {2002}}

@inproceedings{kautz1986,
	Author = {Henry Kautz and James F. Allen},
	Booktitle = {Proceedings of the AAAI National Conference on Artificial Intelligence},
	Date-Added = {2009-12-18 20:17:56 +0100},
	Date-Modified = {2009-12-18 20:19:33 +0100},
	Title = {Generalized Plan Recognition},
	Year = {1986}}

@unpublished{grimm2009,
	Author = {Marie-Catherine de Marneffe and Scott Grimm and Christopher Potts},
	Date-Added = {2009-12-18 20:10:58 +0100},
	Date-Modified = {2009-12-18 20:12:33 +0100},
	Note = {Poster presented at the 10th Annual SIGDIAL Meeting on Discourse and Dialogue},
	Title = {Not a simple 'yes' or 'no': Uncertainty in indirect answers},
	Year = {2009}}

@article{smith1993,
	Author = {V.L. Smith and Herbert H. Clark},
	Date-Added = {2009-12-18 20:07:11 +0100},
	Date-Modified = {2009-12-18 20:07:56 +0100},
	Journal = {Journal of Memory and Language},
	Pages = {25 - 38},
	Title = {On the course of answering questions},
	Volume = {32},
	Year = {1993}}

@inproceedings{roberts1996,
	Author = {Craige Roberts},
	Booktitle = {OSU working Papers in Linguistics 49: Papers in Semantics},
	Date-Added = {2009-12-18 19:53:43 +0100},
	Date-Modified = {2009-12-18 19:55:34 +0100},
	Editor = {J. H. Yoon and Andreas Kathol},
	Pages = {91 - 136},
	Title = {Information Structure in Discourse: Towards an Integrated Formal Theory of Pragmatics},
	Year = {1996}}

@incollection{prince1981,
	Author = {Ellen F. Prince},
	Booktitle = {Radical Pragmatics},
	Date-Added = {2009-05-18 02:11:21 -0400},
	Date-Modified = {2009-05-18 02:12:28 -0400},
	Editor = {Peter Cole},
	Publisher = {New York: Academic Press},
	Title = {Toward a taxonomy of given-new information},
	Year = {1981}}

@unpublished{degen2009,
	Author = {Judith Degen and Kathleen M. Carbary and Patricia Reeder and Michael K. Tanenhaus},
	Date-Added = {2009-05-18 02:01:31 -0400},
	Date-Modified = {2009-05-18 02:03:18 -0400},
	Note = {in preparation},
	Title = {Using a Novel Experimental Paradigm to Investigate the Processing of Scalar Implicatures},
	Year = {2009}}

@article{degen2007,
	Author = {Judith Degen},
	Date-Added = {2009-05-18 02:00:39 -0400},
	Date-Modified = {2009-05-18 02:00:39 -0400},
	Journal = {Publications of the Institute of Cognitive Science, University of Osnabr{\"u}ck},
	Title = {Processing Scalar Implicatures: What Role Does the Question of {D}efault Play for the Debate Between ({N}eo-){G}riceanism and {R}elevance {T}heory?},
	Volume = {3-2007},
	Year = {2007}}

@webpage{cqp,
	Author = {Stefan Evert},
	Date-Added = {2009-05-18 00:19:14 -0400},
	Date-Modified = {2009-05-18 03:04:36 -0400},
	Lastchecked = {05-16-2009},
	Rating = {0},
	Title = {{IMS} {C}orpus Workbench ({CWB})},
	Url = {http://www.ims.uni-stuttgart.de/projekte/CorpusWorkbench/},
	Urldate = {10-27-2000},
	Year = {2009}}

@article{deneys2007,
	Author = {Wim De Neys and Walter Schaeken},
	Date-Added = {2009-01-04 17:53:16 +0100},
	Date-Modified = {2009-01-04 17:54:29 +0100},
	Journal = {Experimental Psychology},
	Number = {2},
	Pages = {128-133},
	Title = {When People Are More Logical Under Cognitive Load - Dual Task Impact on Scalar Implicature},
	Volume = {54},
	Year = {2007}}

@article{pouscoulos2007,
	Author = {Nausicaa Pouscoulos and Ira A. Noveck and Guy Politzer and Anne Bastide},
	Date-Added = {2009-01-04 17:40:03 +0100},
	Date-Modified = {2009-01-04 17:41:08 +0100},
	Journal = {Language Acquisition},
	Number = {4},
	Pages = {347-375},
	Title = {A Developmental Investigation of Processing Costs in Implicature Production},
	Volume = {14},
	Year = {2007}}

@article{guasti2005,
	Author = {Maria Teresa Guasti and Gennaro Chierchia and Stephen Crain and Francesca Foppolo and Andrea  Gualmini and Luisa Meroni},
	Date-Added = {2009-01-04 17:35:32 +0100},
	Date-Modified = {2009-01-04 17:36:41 +0100},
	Journal = {Language and Cognitive Processes},
	Number = {5},
	Pages = {667-696},
	Title = {Why children and adults sometimes (but not always) compute implicatures},
	Volume = {20},
	Year = {2005}}

@article{papafragou2002,
	Author = {A. Papafragou and Julien Musolino},
	Date-Added = {2009-01-04 17:29:28 +0100},
	Date-Modified = {2009-01-04 17:30:19 +0100},
	Journal = {Cognition},
	Number = {253-282},
	Title = {Scalar implicatures: experiments at the semantics-pragmatics interface},
	Volume = {86},
	Year = {2002}}

@article{noveck2001,
	Author = {Ira A. Noveck},
	Date-Added = {2009-01-04 17:19:54 +0100},
	Date-Modified = {2009-01-04 17:20:35 +0100},
	Journal = {Cognition},
	Pages = {165-188},
	Title = {When children are more logical than adults},
	Volume = {78},
	Year = {2001}}

@article{noveck2008,
	Author = {Ira A. Noveck and Anne Reboul},
	Date-Added = {2009-01-04 17:16:15 +0100},
	Date-Modified = {2009-01-04 17:18:00 +0100},
	Journal = {Trends in Cognitive Sciences},
	Month = {November},
	Number = {11},
	Pages = {425-431},
	Title = {Experimental Pragmatics: a Gricean turn in the study of language},
	Volume = {12},
	Year = {2008}}

@misc{summa,
	Author = {Daniel Grodner and Natalie M. Klein and Kathleen M. Carbary and Michael K. Tanenhaus},
	Date-Added = {2009-01-04 17:06:02 +0100},
	Date-Modified = {2009-01-04 17:07:24 +0100},
	Howpublished = {submitted},
	Title = {Rapid interpretation of pragmatic "some"}}

@article{huang2009,
	Author = {Y. Huang and Jesse Snedeker},
	Date-Added = {2009-01-04 17:03:32 +0100},
	Date-Modified = {2010-03-17 15:11:50 -0400},
	Journal = {Cognitive Psychology},
	Pages = {376-415},
	Title = {On-line interpretationf of scalar quantifiers: Insight into the semantics-pragmatics interface},
	Volume = {58},
	Year = {2009}}

@incollection{Bach2005,
	Author = {Kent Bach},
	Booktitle = {Festschrift for Larry Horn},
	Editor = {Betty Birner and Gregory Ward},
	Owner = {judith},
	Publisher = {Amsterdam: John Benjamins},
	Timestamp = {2006.10.19},
	Title = {The top ten misconceptions about implicature},
	Year = {2005}}

@article{Bach1999,
	Author = {Kent Bach},
	Journal = {Linguistics and Philosophy},
	Owner = {judith},
	Pages = {327-366},
	Timestamp = {2006.10.19},
	Title = {The Myth of Conventional Implicature},
	Volume = {22},
	Year = {1999}}

@article{Barwise1981,
	Author = {Jon Barwise and Robin Cooper},
	Journal = {Linguistics and Philosophy},
	Owner = {judith},
	Pages = {159-219},
	Timestamp = {2006.10.19},
	Title = {Generalized Quantifiers and Natural Language},
	Volume = {4},
	Year = {1981}}

@incollection{Bezuidenhout2004,
	Author = {Anne L. Bezuidenhout and Robin K. Morris},
	Booktitle = {Pragmatics},
	Chapter = {12},
	Editor = {Ira A. Noveck and Dan Sperber},
	Owner = {judith},
	Pages = {257-282},
	Publisher = {Palgrave Macmillan Ltd.},
	Timestamp = {2006.10.19},
	Title = {Implicature, Relevance and Default Pragmatic Inference},
	Year = {2004}}

@article{Bott2004,
	Author = {Lewis Bott and Ira A. Noveck},
	Journal = {Journal of Memory and Language},
	Owner = {judith},
	Pages = {437-457},
	Timestamp = {2006.10.19},
	Title = {Some Utterances are Underinformative: The Onset and Time Course of  Scalar Inferences},
	Volume = {51},
	Year = {2004}}

@article{Breheny2005,
	Author = {Richard Breheny and Napoleon Katsos and John Williams},
	Journal = {Cognition},
	Owner = {judith},
	Pages = {434-463},
	Timestamp = {2006.10.19},
	Title = {Are Generalised Scalar Implicatures Generated by Default? {An} On-line  Investigation into the Role of Context in Generating Pragmatic Inferences},
	Volume = {100},
	Year = {2006}}

@incollection{Carston1998,
	Author = {Robyn Carston},
	Booktitle = {Relevance Theory: Applications and Implications},
	Editor = {R. Carston and S. Uchida},
	Owner = {judith},
	Pages = {179-236},
	Publisher = {Amsterdam: John Benjamins},
	Timestamp = {2006.10.19},
	Title = {Informativeness, Relevance and Scalar Implicature},
	Year = {1998}}

@article{Carston2004,
	Author = {Robyn Carston},
	Journal = {Journal of Linguistics},
	Owner = {judith},
	Pages = {181-186},
	Timestamp = {2006.10.20},
	Title = {Review of {Stephen C. Levinson}, {Presumptiv}e Meanings: The Theory  of Generalized Conversational Implicature},
	Volume = {40},
	Year = {2004}}

@incollection{Chierchia04,
	Author = {Gennaro Chierchia},
	Booktitle = {Structures and Beyond},
	Date-Modified = {2009-05-17 15:00:55 -0400},
	Editor = {A. Belletti},
	Owner = {judith},
	Publisher = {Oxford University Press},
	Timestamp = {2006.10.19},
	Title = {Scalar Implicatures, Polarity Phenomena, and the Syntax/Pragmatics  Interface},
	Year = {2004}}

@inproceedings{Chierchia,
	Author = {Gennaro Chierchia and Stephen Crain and Maria Teresa Guasti and Andrea  Gualmini and Luisa Meroni},
	Booktitle = {BUCLD 25 Proceedings},
	Editor = {Anna H.-J. Do et al.},
	Owner = {judith},
	Pages = {157-168},
	Publisher = {Somerville, MA: Cascadilla Press},
	Timestamp = {2006.10.19},
	Title = {The Acquisition of Disjunction: Evidence for a Grammatical View of  Scalar Implicatures},
	Year = {2001}}

@incollection{Chierchia2004,
	Author = {Gennaro Chierchia and Maria Teresa Guasti and Andrea Gualmini and  Luisa Meroni and Stephen Crain and Francesca Foppolo},
	Booktitle = {Experimental Pragmatics},
	Chapter = {13},
	Editor = {Ira A. Noveck and Dan Sperber},
	Owner = {judith},
	Pages = {283-300},
	Publisher = {Palgrave Macmillan Ltd.},
	Timestamp = {2006.10.19},
	Title = {Semantic and Pragmatic Competence in Children's and Adults' Comprehension  of Or},
	Year = {2004}}

@article{Frege1892,
	Author = {Gottlob Frege},
	Owner = {judith},
	Timestamp = {2006.11.28},
	Volume = {100},
	Year = {1892}}

@book{Gazdar1979,
	Author = {Gerald Gazdar},
	Owner = {judith},
	Publisher = {Academic Press},
	Timestamp = {2006.10.19},
	Title = {Pragmatics: Implicature, Presupposition, and Logical Form},
	Year = {1979}}

@article{Grice1978,
	Author = {Paul Grice},
	Chapter = {Further notes on logic and conversation},
	Editor = {Peter Cole},
	Journal = {Syntax and Semantics},
	Note = {Reprinted in Grice 1989, pp. 41-57},
	Owner = {judith},
	Pages = {183-197},
	Publisher = {New York: Academic Press},
	Timestamp = {2006.11.29},
	Title = {Further Notes on logic and conversation},
	Volume = {9},
	Year = {1978}}

@article{Grice1975,
	Author = {Paul Grice},
	Chapter = {Logic and Conversation},
	Editor = {Peter Cole and Jerry L. Morgan},
	Journal = {Syntax and Semantics},
	Note = {Reprinted in Grice 1989, pp. 22-40},
	Owner = {judith},
	Pages = {41-58},
	Publisher = {New York: Academic Press},
	Timestamp = {2006.11.29},
	Title = {Logic and Conversation},
	Volume = {3},
	Year = {1975}}

@book{Grice1989,
	Author = {Paul Grice},
	Owner = {judith},
	Publisher = {Harvard University Press},
	Timestamp = {2006.10.19},
	Title = {Studies in the Way of Words},
	Year = {1989}}

@article{Grice1969,
	Author = {Paul Grice},
	Journal = {Philosophical Review},
	Note = {Reprinted in Grice 1989, pp. 86-116.},
	Number = {2},
	Owner = {judith},
	Pages = {147-177},
	Timestamp = {2006.11.29},
	Title = {Utterer's Meaning and Intentions},
	Volume = {78},
	Year = {1969}}

@book{Heim1998,
	Author = {Irene Heim and Angelika Kratzer},
	Owner = {judith},
	Publisher = {Blackwell},
	Timestamp = {2006.10.20},
	Title = {Semantics in Generative Grammar},
	Year = {1998}}

@incollection{Horn2004,
	Author = {Larry Horn},
	Booktitle = {Handbook of Pragmatics},
	Editor = {Larry Horn and Gregory Ward},
	Owner = {judith},
	Publisher = {Blackwell},
	Timestamp = {2006.10.19},
	Title = {Implicature},
	Year = {2004}}

@inproceedings{Katsos2005,
	Author = {Napoleon Katsos and Richard Breheny and John Williams},
	Booktitle = {Proceedings of the 27th Annual Conference of the Cognitive Science  Society},
	Editor = {B. Bara and L. Barsalou and M. Bucciarelli},
	Owner = {judith},
	Pages = {1108-1113},
	Publisher = {Mahwah, NJ: Erlbaum},
	Timestamp = {2006.10.19},
	Title = {The Interaction of Structural and Contextual Constraints During the  On-line Generation of Scalar Inferences},
	Year = {2005}}

@article{Keenan1976,
	Author = {Ellinor Keenan},
	Journal = {Language and Society},
	Owner = {judith},
	Pages = {67-80},
	Timestamp = {2006.10.19},
	Title = {The Universality of Conversational Postulates},
	Volume = {5},
	Year = {1976}}

@book{Levinson2000,
	Author = {Steven C. Levinson},
	Owner = {judith},
	Publisher = {The MIT Press},
	Timestamp = {2006.10.19},
	Title = {Presumptive Meanings - The Theory of Generalized Conversational Implicature},
	Year = {2000}}

@article{Matsumoto1995,
	Author = {Yo Matsumoto},
	Journal = {Linguistics and Philosophy},
	Owner = {judith},
	Pages = {21-60},
	Timestamp = {2006.10.19},
	Title = {The Conversational Condition on {Horn} scales},
	Volume = {18},
	Year = {1995}}

@incollection{Noveck2004,
	Author = {Ira A. Noveck},
	Booktitle = {Experimental Pragmatics},
	Chapter = {14},
	Editor = {Ira A. Noveck and Dan Sperber},
	Owner = {judith},
	Pages = {301-321},
	Publisher = {Palgrave Macmillan Ltd.},
	Timestamp = {2006.10.19},
	Title = {Pragmatic Inferences Related to Logical Terms},
	Year = {2004}}

@article{Noveck2003,
	Author = {Ira Noveck and Andres Posada},
	Journal = {Brain and Language},
	Owner = {judith},
	Pages = {203-210},
	Timestamp = {2006.10.19},
	Title = {Characterizing the Time Course of an Implicature: an Evoked Potentials  Study},
	Volume = {85},
	Year = {2003}}

@article{Partee1984,
	Author = {Barbaree Partee},
	Journal = {Linguistics and Philosophy},
	Number = {3},
	Owner = {judith},
	Pages = {243-286},
	Timestamp = {2006.11.28},
	Title = {Nominal and temporal anaphora},
	Volume = {7},
	Year = {1984}}

@incollection{Reboul2004,
	Author = {Anne Reboul},
	Booktitle = {Experimental Pragmatics},
	Chapter = {15},
	Editor = {Ira A. Noveck and Dan Sperber},
	Owner = {judith},
	Pages = {322-333},
	Publisher = {Palgrave Macmillan Ltd.},
	Timestamp = {2006.10.19},
	Title = {Conversational Implicatures: nonce or Generalized?},
	Year = {2004}}

@inproceedings{Storto2004,
	Author = {Gianluca Storto and Michael K. Tanenhaus},
	Booktitle = {Proceedings of WECOL},
	Owner = {judith},
	Timestamp = {2006.10.19},
	Title = {Are Scalar Implicatures Computed Online?},
	Year = {2004}}

@incollection{Wilson1995,
	Author = {Deirdre Wilson and Dan Sperber},
	Booktitle = {Handbook of Pragmatics},
	Editor = {G. Ward and L. Horn},
	Owner = {judith},
	Pages = {607-632},
	Publisher = {Oxford: Blackwell},
	Timestamp = {2006.10.19},
	Title = {Relevance Theory},
	Year = {1995}}

@book{experimental,
	Editor = {Ira A. Noveck and Dan Sperber},
	Owner = {judith},
	Publisher = {Palgrave Macmillan},
	Timestamp = {2006.10.19},
	Title = {Experimental Pragmatics},
	Year = {2004}}
