@article{jones2011,
author = {Jones, Matt and Love, Bradley C},
file = {:Users/titlis/cogsci/papers\_misc/jones2011.pdf:pdf},
journal = {Behavioral and Brain Sciences},
keywords = {bayesian modeling,cognitive processing,levels of analysis,rational analysis,representation},
pages = {169--231},
title = {{Bayesian Fundamentalism or Enlightenment ? On the explanatory status and theoretical contributions of Bayesian models of cognition}},
year = {2011}
}
@article{marcus2013,
author = {Marcus, Gary F and Davis, Ernest},
doi = {10.1177/0956797613495418},
file = {:Users/titlis/cogsci/papers\_misc/marcus2013.pdf:pdf},
keywords = {13,27,8,bayesian models,be seen as an,cognition,engine of proba-,optimality,received 1,revision accepted 5,s,should the human mind},
number = {October},
title = {{Psychological Science}},
year = {2013}
}
