@incollection{Beaver2007,
author = {Beaver, David and Zeevat, Henk},
booktitle = {The Oxford Handbook of Linguistic Interfaces},
editor = {Ramchand, Gillian and Reiss, Charles},
file = {:Users/titlis/cogsci/papers\_misc/beaver2007.pdf:pdf},
pages = {503--538},
publisher = {Oxford University Press},
title = {{Accommodation}},
year = {2007}
}
